@article{usmonov2021identification,
    title={Identification and Authentication},
    author={Usmonov, Maxsud},
    journal={Scienceweb academic papers collection},
    year={2021},
    publisher={Scienceweb-National database of scientific research of Uzbekistan}
}

@article{duarte2021aplicaccao,
    title={Aplica{\c{c}}{\~a}o dos Sistemas Biom{\'e}tricos de Reconhecimento Facial na Seguran{\c{c}}a P{\'u}blica},
    author={Duarte, Renata and Baldasso, Rosane P{\'e}rez and Beux, Luciano and Albert, Ana Carolina Fafreldines and dos Santos, Nicole Cortelletti and Fernandes, M{\'a}rio Marques},
    journal={Brazilian Journal of Forensic Sciences, Medical Law and Bioethics},
    volume={11},
    number={1},
    pages={1--21},
    year={2021}
}

@inproceedings{handa2019comparative,
    title={A comparative study of mouse and keystroke based authentication},
    author={Handa, Jigyasa and Singh, Saurabh and Saraswat, Shipra},
    booktitle={2019 9th International Conference on Cloud Computing, Data Science \& Engineering (Confluence)},
    pages={670--674},
    year={2019},
    organization={IEEE}
}

@article{silva2013inteligencia,
    title={Intelig{\^e}ncia artificial},
    author={Silva, R{\^o}mulo},
    year={2013},
    publisher={Amigos da Enciclop{\'e}dia}
}

@article{orvalho2019reconhecimento,
    title={Reconhecimento facial},
    author={Orvalho, Ver{\'o}nica},
    journal={Revista de Ci{\^e}ncia Elementar},
    volume={7},
    number={4},
    year={2019},
    publisher={Casa das Ci{\^e}ncias}
}

@article{magalhaes2003biometria,
    title={Biometria e autentica{\c{c}}{\~a}o},
    author={Magalh{\~a}es, Paulo S{\'e}rgio Tenreiro and Santos, Henrique Dinis dos},
    year={2003},
    publisher={Associa{\c{c}}{\~a}o Portuguesa de Sistemas de Informa{\c{c}}{\~a}o (APSI)}
}

@article{costa2006introduccao,
    title={Introdu{\c{c}}{\~a}o {\`a} biometria},
    author={Costa, Luciano R and Obelheiro, Rafael R and Fraga, Joni S},
    journal={Sociedade Brasileira de Computa{\c{c}}{\~a}o},
    year={2006}
}

@inproceedings{dos2019tecnologias,
    title={TECNOLOGIAS BIOM{\'E}TRICAS DE CONTROLE DE ACESSO},
    author={dos Santos, Raphael Sapucaia and Fabris, Jonas Pedro},
    booktitle={10th International Symposium on Technological Innovation},
    year={2019}
}

@book{zammetti2019practical,
    title = {Practical Flutter: Improve your Mobile Development with Googleâ€™s Latest Open-Source SDK},
    author = {Zammetti, Frank},
    year = {2019},
    publisher = {Apress}
}

@inproceedings{goadrich2011smart,
    title = {Smart smartphone development: iOS versus Android},
    author = {Goadrich, Mark H and Rogers, Michael P},
    booktitle = {Proceedings of the 42nd ACM technical symposium on Computer science education},
    year = {2011},
    organization = {ACM}
}

@book{clow2019flutter,
    title = {Learn Google Flutter Fast: 65 Example Apps},
    author = {Clow, Mark},
    year = {2019},
    publisher = {Independently Published}
}

@book{napoli2019beginning,
    title = {Beginning Flutter: A Hands On Guide to App Development},
    author = {Napoli, M.L.},
    year = {2019},
    publisher = {Wrox}
}

@article{yatsenko2019comparative,
    title = {COMPARATIVE ANALYSIS OF CROSS-PLATFORM FRAMEWORKS FOR MOBILE APPLICATIONS DEVELOPMENT},
    author = {Yatsenko, Roman and Obodiak, Viktor and Yatsenko, Valerii},
    number = {4},
    year = {2019}
}

@book{petzold2015xamarin,
    title = {Creating Mobile Apps with Xamarin. Forms Preview Edition 2},
    author = {Petzold, Charles},
    year = {2015},
    publisher = {Microsoft Press}
}

@article{lima2019avaliacao,
    title = {Avalia{\c{c}}{\~a}o de frameworks para o desenvolvimento de aplica{\c{c}}{\~o}es h{\'\i}bridas},
    author = {Lima, Fernando Fortunato de},
    year = {2019},
    publisher = {Universidade Federal do Pampa}
}

@book{biessek2019dart,
    title = {{Flutter for Beginners:} An introductory guide to building cross-platform mobile applications with Flutter and Dart 2},
    author = {Biessek, Alessandro},
    year = {2019},
    publisher = {Packt Publishing}
}

@article{tihomirovs2016webservices,
    title = {Comparison of soap and rest based web services using software evaluation metrics},
    author = {Tihomirovs, Juris and Grabis, J{\=a}nis},
    journal = {Information Technology and Management Science},
    volume = {19},
    number = {1},
    year = {2016},
    publisher = {De Gruyter Open}
}

@article{eulalio2016webservices,
    title = {WEB SERVICES: Integra{\c{c}}{\~a}o De Sistemas Orientado a Servi{\c{c}}os com uma Proposta de Aplica{\c{c}}{\~a}o na EAD},
    author = {Eulalio, Athos Denis and Cordeiro, Diego and de Souza, Rodrigo},
    journal = {Revista de Inform{\'a}tica Aplicada},
    volume = {12},
    number = {2},
    year = {2016}
}

@article{leite2017comparativo,
    title = {COMPARATIVO ENTRE SISTEMAS OPERACIONAIS M{\'O}VEIS--ANDROID X IOS},
    author = {Leite, Alexandre Canosa and Macedo, Helena},
    year = {2017}
}